<record><leader>00000cas a22000007a 4500</leader><controlfield tag="001">32293333</controlfield><controlfield tag="008">950412d1939195uvauwr ne      0    0eng d</controlfield><datafield ind1=" " ind2=" " tag="010"><subfield code="a">sn 95079130 </subfield></datafield><datafield ind1=" " ind2=" " tag="040"><subfield code="a">NVK</subfield><subfield code="b">eng</subfield><subfield code="c">NVK</subfield><subfield code="d">OCLCQ</subfield><subfield code="d">NVK</subfield><subfield code="d">OCLCQ</subfield><subfield code="d">OCLCF</subfield><subfield code="d">OCLCO</subfield></datafield><datafield ind1="1" ind2=" " tag="029"><subfield code="a">AU@</subfield><subfield code="b">000011677608</subfield></datafield><datafield ind1=" " ind2=" " tag="042"><subfield code="a">msc</subfield></datafield><datafield ind1=" " ind2=" " tag="043"><subfield code="a">n-us-va</subfield></datafield><datafield ind1="0" ind2=" " tag="130"><subfield code="a">Dickenson County herald (Clintwood, Va. : 1939)</subfield></datafield><datafield ind1="1" ind2="0" tag="245"><subfield code="a">Dickenson County herald.</subfield></datafield><datafield ind1="3" ind2=" " tag="246"><subfield code="a">Dickenson herald</subfield></datafield><datafield ind1=" " ind2=" " tag="260"><subfield code="a">Clintwood, Va. :</subfield><subfield code="b">Clintwood Pud. Co.</subfield></datafield><datafield ind1=" " ind2=" " tag="300"><subfield code="a">v.</subfield></datafield><datafield ind1=" " ind2=" " tag="310"><subfield code="a">Weekly</subfield></datafield><datafield ind1="1" ind2=" " tag="362"><subfield code="a">Began in 1939.</subfield><subfield code="z">Cf. Ayer (1941).</subfield></datafield><datafield ind1=" " ind2=" " tag="500"><subfield code="a">Numbering varies.</subfield></datafield><datafield ind1=" " ind2=" " tag="500"><subfield code="a">Publisher varies.</subfield></datafield><datafield ind1=" " ind2=" " tag="500"><subfield code="a">Published as: Dickenson herald, (July-Nov. 1945).</subfield></datafield><datafield ind1=" " ind2=" " tag="588"><subfield code="a">Description based on: Vol. 3, no. 1 (May 25, 1939).</subfield></datafield><datafield ind1=" " ind2="0" tag="651"><subfield code="a">Clintwood (Va.)</subfield><subfield code="v">Newspapers.</subfield></datafield><datafield ind1=" " ind2="7" tag="655"><subfield code="a">Newspapers.</subfield><subfield code="2">fast</subfield><subfield code="0">(OCoLC)fst01423814</subfield></datafield><datafield ind1=" " ind2="7" tag="651"><subfield code="a">Virginia</subfield><subfield code="z">Clintwood.</subfield><subfield code="2">fast</subfield><subfield code="0">(OCoLC)fst01293948</subfield></datafield><datafield ind1=" " ind2=" " tag="752"><subfield code="a">United States</subfield><subfield code="b">Virginia</subfield><subfield code="c">Dickenson</subfield><subfield code="d">Clintwood.</subfield></datafield><datafield ind1="0" ind2="0" tag="780"><subfield code="t">Dickenson County herald (Clintwood, Va. : 1927)</subfield><subfield code="w">(DLC)sn 95079120</subfield></datafield></record>